@inproceedings{turilli2018comprehensive,
  title={A comprehensive perspective on pilot-job systems},
  author={Turilli, Matteo and Santcroos, Mark and Jha, Shantenu},
  journal={ACM Computing Surveys (CSUR)},
  volume={51},
  number={2},
  pages={43},
  year={2018},
  publisher={ACM}
}

@inproceedings{Doleynik2017high,
  author={Oleynik, Danila and Panitkin, Sergey and Turilli, Matteo and Angius, Alessio and Oral, Sarp H. and De, Kaushik and Klimentov, Alexei and Wells, Jack C. and Jha, Shantenu},
  title={High-Throughput Computing on High-Performance Platforms: {A} Case Study},
  booktitle={13th {IEEE} International Conference on e-Science},
  pages={295--304},
  year={2017}
}

@inproceedings{merzky2018using,
  author={Andre Merzky and Matteo Turilli and Manuel Maldonado  and Mark Santcroos and Shantenu Jha},
  title={Using Pilot Systems to Execute Many Task Workloads on Supercomputers},
  journal={JSSPP 2018 (in conjunction with IPDPS'18)},
  year=2018
}

@inproceedings{turilli2018building,
  title={Building Blocks for Workflow System Middleware},
  author={Turilli, Matteo and Merzky, Andre and Balasubramanian, Vivek and Jha, Shantenu},
  booktitle={2018 18th IEEE/ACM International Symposium on Cluster, Cloud and Grid Computing (CCGRID)},
  pages={348--349},
  year={2018},
  organization={IEEE}
}

@inproceedings{garonne2014rucio,
  title={Rucio--The next generation of large scale distributed system for ATLAS Data Management},
  author={Garonne, Vincent and Vigne, R and Stewart, G and Barisits, M and Lassnig, M and Serfon, C and Goossens, L and Nairz, A and Atlas Collaboration and others},
  booktitle={Journal of Physics: Conference Series},
  volume={513-4},
  pages={042021},
  year={2014},
  organization={IOP Publishing}
}

@inproceedings{foster2011globus,
  title={Globus Online: Accelerating and democratizing science through cloud-based services},
  author={Foster, Ian},
  journal={IEEE Internet Computing},
  volume={15},
  number={3},
  pages={70--73},
  year={2011},
  publisher={IEEE}
}

@inproceedings{Brooks2009CHARMMTB,
	title={CHARMM: The biomolecular simulation program},
	author={Bernard R. Brooks and Charles L. Brooks and Alexander D. MacKerell and Lennart Nilsson and Robert J. Petrella and Beno{\^i}t Roux and Y. Won and G. Archontis and Christian Bartels and Stefan Boresch and Amedeo Caflisch and Leo S. D. Caves and Qiang Cui and Aaron R. Dinner and Michael Feig and S. Fischer and Jiali Gao and Milan Hodo{\vs}{\vc}ek and Wonpil Im and Krzysztof Kuczera and Themis Lazaridis and J. Ma and V. Ovchinnikov and Emanuele Paci and Richard W. Pastor and Carol Beth Post and J. Z. Pu and Michael Schaefer and Bruce Tidor and Richard M. Venable and H. Lee Woodcock and Xin Wu and W. Yang and Darrin M. York and Martin Karplus},
	journal={Journal of computational chemistry},
	year={2009},
	volume={30 10},
	pages={1545-614}
}

@electronic{harvester,
	title = {Harvester},
	url = {https://github.com/PanDA WMS/panda-harvester/wiki}
}

@electronic{openshift,
  title = {{OLCF} Testing New Platform for Scientific Workflows},
  author = {Jonathan Hines},
  url = {https://www.olcf.ornl.gov/2017/06/05/olcf-testing-new-platform\-for-scientific-workflows/}
}

@electronic{showbf,
  title = {Choosing an Interactive Jobâ€™s nodes Value},
  author = {OLCF Support Team},
  url = {https://www.olcf.ornl.gov/for-users/system-user-guides/titan/running-jobs/}
}
